@book{Hastie2009,
  title={The elements of statistical learning: data mining, inference, and prediction},
  author={Hastie, Trevor and Tibshirani, Robert and Friedman, Jerome},
  year={2009},
  publisher={Springer Science \& Business Media}
}

@book{James2013,
  title={An introduction to statistical learning},
  author={James, Gareth and Witten, Daniela and Hastie, Trevor and Tibshirani, Robert},
  year={2013},
  publisher={Springer}
}

@article{Breiman2001,
  title={Random forests},
  author={Breiman, Leo},
  journal={Machine learning},
  volume={45},
  number={1},
  pages={5--32},
  year={2001},
  publisher={Springer}
}

@book{Kuhn2013,
  title={Applied predictive modeling},
  author={Kuhn, Max and Johnson, Kjell},
  year={2013},
  publisher={Springer}
}

@inproceedings{Chen2016,
  title={Xgboost: A scalable tree boosting system},
  author={Chen, Tianqi and Guestrin, Carlos},
  booktitle={Proceedings of the 22nd acm sigkdd international conference on knowledge discovery and data mining},
  pages={785--794},
  year={2016}
}

@article{Brownlee2016,
  title={Machine learning mastery with python: understand your data, create accurate models, and work projects end-to-end},
  author={Brownlee, Jason},
  year={2016},
  publisher={Machine Learning Mastery}
}

@article{Gustafsson2016,
  title={Fast live-cell conventional fluorophore nanoscopy with ImageJ through super-resolution radial fluctuations},
  author={Gustafsson, Nils and Culley, Si√¢n and Ashdown, George and Owen, Dylan M and Pereira, Pedro Matos and Henriques, Ricardo},
  journal={Nature communications},
  volume={7},
  number={1},
  pages={12471},
  year={2016},
  publisher={Nature Publishing Group}
}
